@book{cpp11,
    added-at = {2012-10-08T01:13:47.000+0200},
    address = {Geneva, Switzerland},
    author = {{ISO}},
    bibdate = {Mon Dec 19 11:12:12 2011},
    bibsource = {http://www.math.utah.edu/pub/tex/bib/isostd.bib},
    biburl = {http://www.bibsonomy.org/bibtex/24b660c16d9a5ab0ad595b1555402c797/gron},
    day = 28,
    interhash = {ff5df6d7fa67f89d7d5ea964dab3e3c9},
    intrahash = {4b660c16d9a5ab0ad595b1555402c797},
    keywords = {C++ Specification Standard},
    month = feb,
    pages = {1338 (est.)},
    publisher = {International Organization for Standardization},
    remark = {Revises ISO/IEC 14882:2003.},
    timestamp = {2012-10-08T01:13:47.000+0200},
    title = {{ISO/IEC 14882:2011 Information technology --- Programming languages --- C++}},
    url = {http://www.iso.org/iso/iso_catalogue/catalogue_tc/catalogue_detail.htm?csnumber=50372},
    year = 2012
}

@inproceedings{JarviWL03,
  added-at = {2011-07-05T00:00:00.000+0200},
  author = {JÃ¤rvi, Jaakko and Willcock, Jeremiah and Lumsdaine, Andrew},
  biburl = {http://www.bibsonomy.org/bibtex/22ff74e6a0f1c94cee8944d858986bcfc/dblp},
  booktitle = {GPCE},
  crossref = {conf/gpce/2003},
  editor = {Pfenning, Frank and Smaragdakis, Yannis},
  ee = {http://dx.doi.org/10.1007/978-3-540-39815-8_14},
  interhash = {02555ecdaabb0800e8110ecf1eb9ebe1},
  intrahash = {2ff74e6a0f1c94cee8944d858986bcfc},
  isbn = {3-540-20102-5},
  keywords = {dblp},
  pages = {228-244},
  publisher = {Springer},
  series = {Lecture Notes in Computer Science},
  timestamp = {2011-07-05T00:00:00.000+0200},
  title = {Concept-Controlled Polymorphism.},
  url = {http://dblp.uni-trier.de/db/conf/gpce/gpce2003.html#JarviWL03},
  volume = 2830,
  year = 2003}
